%% This BibTeX bibliography file was created using BibDesk.
%% http://bibdesk.sourceforge.net/


%% Created for Juste Raimbault at 2013-10-14 15:23:27 +0200 


%% Saved with string encoding Occidental (ISO Latin 1) 



@incollection{portugali2012complexity,
	Author = {Portugali, Juval},
	Booktitle = {Complexity Theories of Cities Have Come of Age},
	Date-Added = {2013-10-14 11:12:09 +0000},
	Date-Modified = {2013-10-14 11:12:09 +0000},
	Pages = {47--62},
	Publisher = {Springer},
	Title = {Complexity Theories of Cities: Achievements, criticism and potentials},
	Year = {2012}}

@article{moreno2007conception,
	Author = {Moreno, Diego and Banos, Arnaud and Badariotti, Dominique},
	Date-Added = {2013-10-14 09:59:49 +0000},
	Date-Modified = {2013-10-14 10:02:23 +0000},
	Journal = {Cybergeo: European Journal of Geography},
	Publisher = {CNRS-UMR G{\'e}ographie-cit{\'e}s 8504},
	Title = {Conception d'un automate cellulaire non stationnaire {\`a} base de graphe pour mod{\'e}liser la structure spatiale urbaine: le mod{\`e}le Remus},
	Year = {2007}}

@article{white1993cellular,
	Author = {White, Roger and Engelen, Guy},
	Date-Added = {2013-10-14 09:21:38 +0000},
	Date-Modified = {2013-10-14 09:21:38 +0000},
	Journal = {Environment and planning A},
	Number = {8},
	Pages = {1175--1199},
	Publisher = {PION LTD 207 BRONDESBURY PARK, LONDON, ENGLAND NW2 5JN},
	Title = {Cellular automata and fractal urban form: a cellular modelling approach to the evolution of urban land-use patterns},
	Volume = {25},
	Year = {1993}}

@incollection{iltanen2012cellular,
	Author = {Iltanen, Sanna},
	Booktitle = {Agent-based models of geographical systems},
	Date-Added = {2013-10-14 09:20:55 +0000},
	Date-Modified = {2013-10-14 09:20:55 +0000},
	Pages = {69--84},
	Publisher = {Springer},
	Title = {Cellular automata in urban spatial modelling},
	Year = {2012},
	Bdsk-File-1 = {YnBsaXN0MDDUAQIDBAUGJCVYJHZlcnNpb25YJG9iamVjdHNZJGFyY2hpdmVyVCR0b3ASAAGGoKgHCBMUFRYaIVUkbnVsbNMJCgsMDRBWJGNsYXNzV05TLmtleXNaTlMub2JqZWN0c4AHog4PgAKAA6IREoAEgAVccmVsYXRpdmVQYXRoWWFsaWFzRGF0YV8QQC4uLy4uLy4uLy4uL0NvbXBsZXhTeXN0ZW1zL0JpYmxpby9Eb2NzL0FCTW9kZWxpbmcvQm9va0FCTUdlby5wZGbSCRcYGVdOUy5kYXRhgAZPEQHcAAAAAAHcAAIAAAxNYWNpbnRvc2ggSEQAAAAAAAAAAAAAAAAAAADKQQYMSCsAAADGSHEOQm9va0FCTUdlby5wZGYAAAAAAAAAAAAAAAAAAAAAAAAAAAAAAAAAAAAAAAAAAAAAAAAAAAAAAAAAAAAAAAAAALZ71c1KjzMAAAAAAAAAAAAEAAUAAAkgAAAAAAAAAAAAAAAAAAAACkFCTW9kZWxpbmcAEAAIAADKQOnsAAAAEQAIAADNSoEjAAAAAQAcAMZIcQC2eMQAqZh6AJDCKQAFAhUABQIUAAC+7AACAF5NYWNpbnRvc2ggSEQ6VXNlcnM6AEp1c3RlOgBEb2N1bWVudHM6AENvbXBsZXhTeXN0ZW1zOgBCaWJsaW86AERvY3M6AEFCTW9kZWxpbmc6AEJvb2tBQk1HZW8ucGRmAA4AHgAOAEIAbwBvAGsAQQBCAE0ARwBlAG8ALgBwAGQAZgAPABoADABNAGEAYwBpAG4AdABvAHMAaAAgAEgARAASAEpVc2Vycy9KdXN0ZS9Eb2N1bWVudHMvQ29tcGxleFN5c3RlbXMvQmlibGlvL0RvY3MvQUJNb2RlbGluZy9Cb29rQUJNR2VvLnBkZgATAAEvAAAVAAIADP//AADSGxwdHlokY2xhc3NuYW1lWCRjbGFzc2VzXU5TTXV0YWJsZURhdGGjHR8gVk5TRGF0YVhOU09iamVjdNIbHCIjXE5TRGljdGlvbmFyeaIiIF8QD05TS2V5ZWRBcmNoaXZlctEmJ1Ryb290gAEACAARABoAIwAtADIANwBAAEYATQBUAFwAZwBpAGwAbgBwAHMAdQB3AIQAjgDRANYA3gDgAsACxQLQAtkC5wLrAvIC+wMAAw0DEAMiAyUDKgAAAAAAAAIBAAAAAAAAACgAAAAAAAAAAAAAAAAAAAMs}}
