

@article{rozenblat2018conclusion,
  title={Conclusion: Toward a methodology for multi-scalar urban system policies},
  author={Rozenblat, Celine and Pumain, Denise},
  journal={International and Transnational Perspectives on Urban Systems},
  pages={385},
  year={2018},
  publisher={Springer}
}

@article{viguie2012trade,
  title={Trade-offs and synergies in urban climate policies},
  author={Vigui{\'e}, Vincent and Hallegatte, St{\'e}phane},
  journal={Nature Climate Change},
  volume={2},
  number={5},
  pages={334--337},
  year={2012},
  publisher={Nature Publishing Group}
}

@article{clarke2007decade,
  title={A decade of SLEUTHing: Lessons learned from applications of a cellular automaton land use change model},
  author={Clarke, Keith C and Gazulis, Nicholas and Dietzel, C and Goldstein, Noah C},
  journal={Classics in IJGIS: twenty years of the international journal of geographical information science and systems},
  pages={413--427},
  year={2007},
  publisher={CRC Press Boca Raton, FL}
}


@article{cherel2015beyond,
  title={Beyond corroboration: Strengthening model validation by looking for unexpected patterns},
  author={Ch{\'e}rel, Guillaume and Cottineau, Cl{\'e}mentine and Reuillon, Romain},
  journal={PloS one},
  volume={10},
  number={9},
  pages={e0138212},
  year={2015},
  publisher={Public Library of Science}
}

@article{reuillon2013openmole,
  title={OpenMOLE, a workflow engine specifically tailored for the distributed exploration of simulation models},
  author={Reuillon, Romain and Leclaire, Mathieu and Rey-Coyrehourcq, Sebastien},
  journal={Future Generation Computer Systems},
  volume={29},
  number={8},
  pages={1981--1990},
  year={2013},
  publisher={Elsevier}
}

@article{raimbault2019space,
  title={Space Matters: Extending Sensitivity Analysis to Initial Spatial Conditions in Geosimulation Models},
  author={Raimbault, Juste and Cottineau, Cl{\'e}mentine and Le Texier, Marion and Le Nechet, Florent and Reuillon, Romain},
  journal={Journal of Artificial Societies and Social Simulation},
  volume={22},
  number={4},
  year={2019},
  publisher={JASSS}
}


@incollection{arsanjani2015quality,
  title={Quality assessment of the contributed land use information from OpenStreetMap versus authoritative datasets},
  author={Arsanjani, Jamal Jokar and Mooney, Peter and Zipf, Alexander and Schauss, Anne},
  booktitle={OpenStreetMap in GIScience},
  pages={37--58},
  year={2015},
  publisher={Springer}
}

@article{gonzalez2019long,
  title={Long-term differential effects of transport infrastructure investment in rural areas},
  author={Gonz{\'a}lez-Gonz{\'a}lez, Esther and Nogu{\'e}s, Soledad},
  journal={Transportation research part A: policy and practice},
  volume={125},
  pages={234--247},
  year={2019},
  publisher={Elsevier}
}

@inproceedings{brasebin2017apports,
  title={Apports des m{\'e}thodes d'exploration et de distribution appliqu{\'e}es {\`a} la simulation des droits {\`a} b{\^a}tir},
  author={Brasebin, Micka{\"e}l and Chapron, Paul and Ch{\'e}rel, Guillaume and Leclaire, Mathieu and Lokhat, Imran and Perret, Julien and Reuillon, Romain},
  booktitle={Spatial Analysis and GEOmatics 2017},
  year={2017}
}

@article{higgs2012investigating,
  title={Investigating the implications of using alternative GIS-based techniques to measure accessibility to green space},
  author={Higgs, Gary and Fry, Richard and Langford, Mitchel},
  journal={Environment and Planning B: Planning and Design},
  volume={39},
  number={2},
  pages={326--343},
  year={2012},
  publisher={SAGE Publications Sage UK: London, England}
}

@phdthesis{raimbault2018caracterisation,
  title={Caract{\'e}risation et mod{\'e}lisation de la co-{\'e}volution des r{\'e}seaux de transport et des territoires},
  author={Raimbault, Juste},
  year={2018},
  school={Universit{\'e} Paris 7 Denis Diderot}
}

@article{lagesse2015spatial,
  title={A spatial multi-scale object to analyze road networks},
  author={Lagesse, Claire and Bordin, Patricia and Douady, Stephane},
  journal={Network Science},
  volume={3},
  number={1},
  pages={156--181},
  year={2015},
  publisher={Cambridge University Press}
}


@article{batty2021new,
  title={A new framework for very large-scale urban modelling},
  author={Batty, Michael and Milton, Richard},
  journal={Urban Studies},
  pages={0042098020982252},
  year={2021},
  publisher={SAGE Publications Sage UK: London, England}
}

@incollection{wegener2004overview,
  title={Overview of land use transport models},
  author={Wegener, Michael},
  booktitle={Handbook of transport geography and spatial systems},
  year={2004},
  publisher={Emerald Group Publishing Limited}
}


@article{silver2019towards,
  title={Towards a Model of Urban Evolution},
  author={Silver, Daniel and Fox, Mark S and Adler, Patrick},
  year={2019}
}

@inproceedings{wu2011urban,
  title={Urban DNA: exploring the biological metaphor of urban evolution with DG-ABC Model},
  author={Wu, Ning and Silva, Elisabete A},
  booktitle={Proceedings The 14th AGILE International Conference on Geographic Information Science. Utrecht University},
  year={2011}
}

@incollection{pumain2018evolutionary,
  title={An evolutionary theory of urban systems},
  author={Pumain, Denise},
  booktitle={International and transnational perspectives on urban systems},
  pages={3--18},
  year={2018},
  publisher={Springer}
}


@article{raimbault2018calibration,
  title={Calibration of a density-based model of urban morphogenesis},
  author={Raimbault, Juste},
  journal={PloS one},
  volume={13},
  number={9},
  pages={e0203516},
  year={2018},
  publisher={Public Library of Science San Francisco, CA USA}
}


@incollection{pumain2020theories,
  title={Introduction},
  booktitle={Theories and Models of Urbanization},
  pages={1--9},
  author={Pumain, Denise},
  editor={Pumain, Denise},
  year={2020},
  publisher={Springer}
}

@article{batty2009centenary,
  title={Centenary paper: The evolution of cities: Geddes, Abercrombie and the new physicalism},
  author={Batty, Michael and Marshall, Stephen},
  journal={Town Planning Review},
  volume={80},
  number={6},
  pages={551--575},
  year={2009}
}

@book{batty2013new,
  title={The new science of cities},
  author={Batty, Michael},
  year={2013},
  publisher={MIT press}
}


@article{levinson2020towards,
  title={Towards a general theory of access},
  author={Levinson, David and Wu, Hao},
  journal={Journal of Transport and Land Use},
  volume={13},
  number={1},
  pages={129--158},
  year={2020},
  publisher={JSTOR}
}

@inproceedings{le2015modeling,
  title={Modeling the emergence of metropolitan transport authority in a polycentric urban region},
  author={Le N{\'e}chet, Florent and Raimbault, Juste},
  booktitle={European Colloqueum on Theoretical and Quantitative Geography},
  year={2015}
}

@inproceedings{raimbault2014hybrid,
  title={A Hybrid Network/Grid Model of Urban Morphogenesis and Optimization},
  author={Raimbault, Juste and Banos, Arnaud and Doursat, Ren{\'e}},
  booktitle={4th International Conference on Complex Systems and Applications},
  pages={51--60},
  year={2014}
}


@article{seth2010measuring,
  title={Measuring autonomy and emergence via Granger causality},
  author={Seth, Anil K},
  journal={Artificial life},
  volume={16},
  number={2},
  pages={179--196},
  year={2010},
  publisher={MIT Press}
}

@article{wong2021integrated,
  title={An integrated multiscale urban microclimate model for the urban thermal environment},
  author={Wong, Nyuk Hien and He, Yueer and Nguyen, Ngoc Son and Raghavan, Srivatsan V and Martin, Miguel and Hii, Daniel Jun Chung and Yu, Zhongqi and Deng, Jiyu},
  journal={Urban Climate},
  volume={35},
  pages={100730},
  year={2021},
  publisher={Elsevier}
}

@article{murcio2015urban,
  title={Urban transfer entropy across scales},
  author={Murcio, Roberto and Morphet, Robin and Gershenson, Carlos and Batty, Michael},
  journal={PLoS One},
  volume={10},
  number={7},
  pages={e0133780},
  year={2015},
  publisher={Public Library of Science San Francisco, CA USA}
}


@article{torrens2012polyspatial,
  title={Polyspatial agents for multi-Scale urban simulation and regional policy analysis},
  author={Torrens, Paul M and Nara, Atsushi},
  journal={Regional Science Policy \& Practice},
  volume={4},
  number={4},
  pages={419--445},
  year={2012},
  publisher={Wiley Online Library}
}

@article{lim2017multi,
  title={Multi-scale urban system modeling for sustainable planning and design},
  author={Lim, Tian Kuay and Ignatius, Marcel and Miguel, Martin and Wong, Nyuk Hien and Juang, Hann-Ming Henry},
  journal={Energy and Buildings},
  volume={157},
  pages={78--91},
  year={2017},
  publisher={Elsevier}
}

@article{batty2005agents,
  title={Agents, cells, and cities: new representational models for simulating multiscale urban dynamics},
  author={Batty, Michael},
  journal={Environment and Planning A},
  volume={37},
  number={8},
  pages={1373--1394},
  year={2005},
  publisher={SAGE Publications Sage UK: London, England}
}


@article{zheng2017decision,
  title={Decision support for sustainable urban renewal: A multi-scale model},
  author={Zheng, Wei and Shen, Geoffrey Qiping and Wang, Hao and Hong, Jingke and Li, Zhengdao},
  journal={Land Use Policy},
  volume={69},
  pages={361--371},
  year={2017},
  publisher={Elsevier}
}


@article{cheng2003modelling,
  title={Modelling urban growth patterns: a multiscale perspective},
  author={Cheng, Jianquan and Masser, Ian},
  journal={Environment and Planning A},
  volume={35},
  number={4},
  pages={679--704},
  year={2003},
  publisher={SAGE Publications Sage UK: London, England}
}

@article{raimbault2020cities,
  title={Cities as they could be: Artificial Life and Urban Systems},
  author={Raimbault, Juste},
  journal={arXiv preprint arXiv:2002.12926},
  year={2020}
}

@inproceedings{raimbault2018multi,
  title={Multi-modeling the morphogenesis of transportation networks},
  author={Raimbault, Juste},
  booktitle={Artificial Life Conference Proceedings},
  pages={382--383},
  year={2018},
  organization={MIT Press}
}


@inproceedings{raimbault2020model,
  title={A model of urban evolution based on innovation diffusion},
  author={Raimbault, Juste},
  booktitle={Artificial Life Conference Proceedings},
  pages={500--508},
  year={2020},
  organization={MIT Press}
}


@article{yoshioka2017macroscopic,
  title={Macroscopic fundamental diagram in simple model of urban traffic},
  author={Yoshioka, Naoki and Shimada, Takashi and Ito, Nobuyasu},
  journal={Artificial Life and Robotics},
  volume={22},
  number={2},
  pages={217--221},
  year={2017},
  publisher={Springer}
}


@inproceedings{raimbault2019generating,
  title={Generating urban morphologies at large scales},
  author={Raimbault, Juste and Perret, Julien},
  booktitle={Artificial Life Conference Proceedings},
  pages={179--186},
  year={2019},
  organization={MIT Press}
}


@article{gershenson2013living,
  title={Living in living cities},
  author={Gershenson, Carlos},
  journal={Artificial life},
  volume={19},
  number={3\_4},
  pages={401--420},
  year={2013},
  publisher={MIT Press}
}

@article{goldstein2000cities,
  title={Do cities learn from getting burned},
  author={Goldstein, Noah C},
  journal={Artificial Life},
  volume={7},
  year={2000}
}

@article{chen2010modeling,
  title={Modeling fractal structure of systems of cities using spatial correlation function},
  author={Chen, Yanguang and Jiang, Shiguo},
  journal={International Journal of Artificial Life Research (IJALR)},
  volume={1},
  number={1},
  pages={12--34},
  year={2010},
  publisher={IGI Global}
}

@inproceedings{youn2018scaling,
  title={Scaling in Physics, Biology, Cities and Beyond},
  author={Youn, Hyejin},
  booktitle={Artificial Life Conference Proceedings},
  pages={6--6},
  year={2018},
  organization={MIT Press}
}

